{"gold_per_floor":[115,126,143,162,35,35,67,87,87,87,113,113,129,94,94,197,197,215,314,327,327,15,15,15,49,72,101,5,17,17,17,17,17],"floor_reached":33,"playtime":1384,"items_purged":["Defend_B"],"score":421,"play_id":"b04a8583-b1d9-4284-b012-37e4017113e0","local_time":"20231119183858","is_ascension_mode":true,"campfire_choices":[{"data":"Coolheaded","floor":6,"key":"SMITH"},{"data":"Genetic Algorithm","floor":12,"key":"SMITH"},{"data":"Conserve Battery","floor":15,"key":"SMITH"},{"floor":23,"key":"REST"},{"floor":30,"key":"REST"},{"floor":32,"key":"RECALL"}],"neow_cost":"NONE","seed_source_timestamp":27479990465100,"circlet_count":0,"master_deck":["Defend_B","Defend_B","Defend_B","Zap","Dualcast","Leap","Doom and Gloom","Conserve Battery+1","Coolheaded+1","Turbo+1","Go for the Eyes","Genetic Algorithm+1","Biased Cognition","Hologram","Bite","Bite","Bite","Bite","Bite","Darkness+1","Cold Snap","Self Repair","Capacitor"],"relics":["Cracked Core","Whetstone","Thread and Needle","Bag of Marbles","Fusion Hammer","FossilizedHelix","Eternal Feather","Anchor","Sundial"],"potions_floor_usage":[4,16,16,25,29],"damage_taken":[{"damage":0,"enemies":"2 Louse","floor":1,"turns":2},{"damage":4,"enemies":"Small Slimes","floor":2,"turns":3},{"damage":7,"enemies":"Jaw Worm","floor":3,"turns":3},{"damage":0,"enemies":"Exordium Thugs","floor":4,"turns":3},{"damage":15,"enemies":"3 Sentries","floor":7,"turns":7},{"damage":10,"enemies":"3 Louse","floor":8,"turns":2},{"damage":14,"enemies":"Gremlin Nob","floor":11,"turns":4},{"damage":1,"enemies":"Blue Slaver","floor":13,"turns":4},{"damage":5,"enemies":"The Guardian","floor":16,"turns":12},{"damage":0,"enemies":"Shell Parasite","floor":18,"turns":6},{"damage":29,"enemies":"3 Byrds","floor":20,"turns":4},{"damage":72,"enemies":"Gremlin Leader","floor":25,"turns":9},{"damage":9,"enemies":"Slavers","floor":27,"turns":6},{"damage":0,"enemies":"Snake Plant","floor":29,"turns":5},{"damage":104,"enemies":"Automaton","floor":33,"turns":12}],"seed_played":"-7719879745889501878","potions_obtained":[{"floor":3,"key":"SneckoOil"},{"floor":7,"key":"Weak Potion"},{"floor":13,"key":"Explosive Potion"},{"floor":20,"key":"EssenceOfSteel"},{"floor":27,"key":"Block Potion"}],"is_trial":false,"path_per_floor":["M","M","M","M","$","R","E","M","T","?","E","R","M","?","R","B",null,"M","?","M","?","$","R","$","E","T","E","$","M","R","T","R","B"],"character_chosen":"DEFECT","items_purchased":["Coolheaded","FossilizedHelix","Cold Snap","Self Repair"],"campfire_rested":2,"item_purchase_floors":[5,22,28,28],"current_hp_per_floor":[68,64,57,57,57,57,42,32,32,32,20,20,21,39,39,36,65,67,67,40,40,40,62,62,15,15,16,16,35,69,69,75,0],"gold":17,"neow_bonus":"RANDOM_COMMON_RELIC","is_prod":false,"is_daily":false,"chose_seed":false,"campfire_upgraded":3,"win_rate":0,"timestamp":1700444338,"path_taken":["M","M","M","M","$","R","E","M","T","?","E","R","M","?","R","BOSS","M","?","M","?","$","R","$","E","T","E","$","?","R","?","R","BOSS"],"build_version":"2022-12-18","purchased_purges":1,"victory":false,"max_hp_per_floor":[75,75,75,75,75,75,75,75,75,75,75,75,75,75,75,75,75,75,75,75,75,75,75,75,75,75,75,75,75,75,75,75,75],"card_choices":[{"not_picked":["Beam Cell","Reprogram"],"picked":"Leap","floor":1},{"not_picked":["Rebound","Reinforced Body"],"picked":"Doom and Gloom","floor":2},{"not_picked":["Barrage","Rip and Tear","Stack"],"picked":"SKIP","floor":3},{"not_picked":["Ball Lightning","Heatsinks"],"picked":"Conserve Battery","floor":4},{"not_picked":["Creative AI","Loop"],"picked":"Turbo","floor":7},{"not_picked":["BootSequence","Skim"],"picked":"Go for the Eyes","floor":8},{"not_picked":["Sweeping Beam","Conserve Battery"],"picked":"Genetic Algorithm","floor":11},{"not_picked":["Leap","Streamline","Compile Driver"],"picked":"SKIP","floor":13},{"not_picked":["Reboot","Seek"],"picked":"Biased Cognition","floor":16},{"not_picked":["Stack","Ball Lightning","Barrage+1"],"picked":"SKIP","floor":18},{"not_picked":["Gash","Loop"],"picked":"Hologram","floor":20},{"not_picked":["Compile Driver","Fusion"],"picked":"Darkness+1","floor":25},{"not_picked":["Sunder","Recycle","Hologram"],"picked":"SKIP","floor":27},{"not_picked":["Reprogram","Stack+1"],"picked":"Capacitor","floor":29}],"player_experience":338937,"relics_obtained":[{"floor":7,"key":"Thread and Needle"},{"floor":9,"key":"Blood Vial"},{"floor":11,"key":"Bag of Marbles"},{"floor":25,"key":"Eternal Feather"},{"floor":26,"key":"Anchor"},{"floor":27,"key":"Sundial"}],"event_choices":[{"damage_healed":0,"gold_gain":0,"player_choice":"Grow","damage_taken":0,"max_hp_gain":0,"max_hp_loss":0,"event_name":"Living Wall","floor":10,"gold_loss":0,"cards_upgraded":["Turbo"]},{"damage_healed":18,"gold_gain":0,"player_choice":"Healed","damage_taken":0,"max_hp_gain":0,"max_hp_loss":0,"event_name":"The Cleric","floor":14,"gold_loss":35},{"damage_healed":0,"gold_gain":99,"player_choice":"Stole From Cult","damage_taken":0,"max_hp_gain":0,"max_hp_loss":0,"event_name":"Nest","floor":19,"gold_loss":0},{"damage_healed":0,"gold_gain":0,"player_choice":"Became a vampire (Vial)","damage_taken":0,"max_hp_gain":0,"max_hp_loss":0,"event_name":"Vampires","floor":21,"relics_lost":["Blood Vial"],"gold_loss":0,"cards_obtained":["Bite","Bite","Bite","Bite","Bite"]}],"is_beta":false,"boss_relics":[{"not_picked":["Tiny House","SlaversCollar"],"picked":"Fusion Hammer"}],"items_purged_floors":[5],"is_endless":false,"potions_floor_spawned":[3,7,13,20,27],"killed_by":"Automaton","ascension_level":7}