{"gold_per_floor":[14,32,50,69,80,80,110,110,156,106,125,158,175,187,187,187],"floor_reached":16,"playtime":442,"items_purged":[],"score":212,"play_id":"9d323efe-0c2e-4f4f-a90e-16b1385cfa6c","local_time":"20231121173038","is_ascension_mode":true,"campfire_choices":[{"data":"Immolate","floor":6,"key":"SMITH"},{"data":"Dark Embrace","floor":8,"key":"SMITH"},{"data":"True Grit","floor":15,"key":"SMITH"}],"neow_cost":"NO_GOLD","seed_source_timestamp":24530750207100,"circlet_count":0,"master_deck":["AscendersBane","Strike_R","Strike_R","Strike_R","Strike_R","Defend_R","Defend_R","Defend_R","Defend_R","Bash","Immolate+1","Feel No Pain","Dark Embrace+1","Shockwave","Inflame","Offering","True Grit+1"],"relics":["Burning Blood","Oddly Smooth Stone","Akabeko","Blue Candle"],"potions_floor_usage":[7,12,16,16],"damage_taken":[{"damage":6,"enemies":"Cultist","floor":1,"turns":3},{"damage":0,"enemies":"2 Louse","floor":2,"turns":2},{"damage":8,"enemies":"Jaw Worm","floor":3,"turns":4},{"damage":17,"enemies":"Red Slaver","floor":4,"turns":7},{"damage":11,"enemies":"Lots of Slimes","floor":5,"turns":2},{"damage":22,"enemies":"Lagavulin","floor":7,"turns":6},{"damage":0,"enemies":"2 Fungi Beasts","floor":11,"turns":1},{"damage":0,"enemies":"3 Sentries","floor":12,"turns":2},{"damage":0,"enemies":"Gremlin Gang","floor":13,"turns":1},{"damage":0,"enemies":"Lots of Slimes","floor":14,"turns":1},{"damage":102,"enemies":"Hexaghost","floor":16,"turns":14}],"seed_played":"4505019052963191802","potions_obtained":[{"floor":2,"key":"Regen Potion"},{"floor":5,"key":"BloodPotion"},{"floor":7,"key":"GamblersBrew"},{"floor":11,"key":"Energy Potion"},{"floor":12,"key":"Weak Potion"},{"floor":13,"key":"Ancient Potion"}],"is_trial":false,"path_per_floor":["M","M","M","M","M","R","E","R","T","?","M","E","M","M","R","B"],"character_chosen":"IRONCLAD","items_purchased":[],"campfire_rested":0,"item_purchase_floors":[],"current_hp_per_floor":[72,78,76,65,60,60,53,53,53,53,59,65,71,77,77,0],"gold":187,"neow_bonus":"THREE_RARE_CARDS","is_prod":false,"is_daily":false,"chose_seed":false,"campfire_upgraded":3,"win_rate":0,"timestamp":1700613038,"path_taken":["M","M","?","M","?","R","E","R","T","?","M","E","M","M","R","BOSS"],"build_version":"2022-12-18","purchased_purges":0,"victory":false,"max_hp_per_floor":[80,80,80,80,80,80,80,80,80,80,80,80,80,80,80,80],"card_choices":[{"not_picked":["Exhume","Barricade"],"picked":"Immolate","floor":0},{"not_picked":["Havoc","Body Slam"],"picked":"Feel No Pain","floor":1},{"not_picked":["Ghostly Armor","Armaments"],"picked":"Dark Embrace","floor":2},{"not_picked":["Flex","Feel No Pain"],"picked":"Shockwave","floor":3},{"not_picked":["Twin Strike","Wild Strike","Cleave"],"picked":"SKIP","floor":4},{"not_picked":["Uppercut","Wild Strike"],"picked":"Inflame","floor":5},{"not_picked":["Wild Strike","Heavy Blade"],"picked":"Offering","floor":7},{"not_picked":["Heavy Blade","Infernal Blade","Shockwave"],"picked":"SKIP","floor":11},{"not_picked":["Reckless Charge","Cleave","Sword Boomerang"],"picked":"SKIP","floor":12},{"not_picked":["Feel No Pain","Clash"],"picked":"True Grit","floor":13},{"not_picked":["Sword Boomerang","Thunderclap","Rampage"],"picked":"SKIP","floor":14}],"player_experience":340758,"relics_obtained":[{"floor":7,"key":"Oddly Smooth Stone"},{"floor":9,"key":"Akabeko"},{"floor":12,"key":"Blue Candle"}],"event_choices":[{"cards_removed":["Strike_R"],"damage_healed":0,"gold_gain":0,"player_choice":"Card Removal","damage_taken":0,"max_hp_gain":0,"max_hp_loss":0,"event_name":"The Cleric","floor":10,"gold_loss":50}],"is_beta":false,"boss_relics":[],"items_purged_floors":[],"is_endless":false,"potions_floor_spawned":[2,5,7,11,12,13],"killed_by":"Hexaghost","ascension_level":10}