{"gold_per_floor":[113,36,36,56,56,83,102,117,144,144,159,194,194,214,214,214],"floor_reached":16,"playtime":437,"items_purged":[],"score":206,"play_id":"2e472de8-c1f8-4a7c-af62-cd85a0eaddf9","local_time":"20231121172309","is_ascension_mode":true,"campfire_choices":[{"data":"Inflame","floor":10,"key":"SMITH"},{"data":"True Grit","floor":13,"key":"SMITH"},{"floor":15,"key":"REST"}],"neow_cost":"NONE","seed_source_timestamp":24085285644700,"circlet_count":0,"master_deck":["AscendersBane","Strike_R","Strike_R","Strike_R","Strike_R","Strike_R","Defend_R","Defend_R","Defend_R","Defend_R","Bash","Entrench+1","Spot Weakness","Exhume+1","True Grit+1","Inflame+1","Evolve","Heavy Blade"],"relics":["Burning Blood","NeowsBlessing","Bag of Marbles","War Paint","Bronze Scales","Kunai"],"potions_floor_usage":[11,12,14],"damage_taken":[{"damage":0,"enemies":"2 Louse","floor":1,"turns":1},{"damage":0,"enemies":"Cultist","floor":4,"turns":1},{"damage":0,"enemies":"Gremlin Nob","floor":6,"turns":1},{"damage":0,"enemies":"Small Slimes","floor":7,"turns":3},{"damage":7,"enemies":"Looter","floor":8,"turns":4},{"damage":22,"enemies":"Exordium Wildlife","floor":11,"turns":7},{"damage":52,"enemies":"Lagavulin","floor":12,"turns":9},{"damage":4,"enemies":"Blue Slaver","floor":14,"turns":4},{"damage":52,"enemies":"Slime Boss","floor":16,"turns":6}],"seed_played":"689983009772117484","potions_obtained":[{"floor":4,"key":"Swift Potion"},{"floor":8,"key":"ColorlessPotion"},{"floor":12,"key":"Block Potion"}],"is_trial":false,"path_per_floor":["M","$","?","M","T","E","M","M","T","R","M","E","R","M","R","B"],"character_chosen":"IRONCLAD","items_purchased":["Fire Breathing"],"campfire_rested":1,"item_purchase_floors":[2],"current_hp_per_floor":[78,78,80,80,80,80,80,79,79,79,63,17,17,19,43,0],"gold":214,"neow_bonus":"THREE_ENEMY_KILL","is_prod":false,"is_daily":false,"chose_seed":false,"campfire_upgraded":2,"win_rate":0,"timestamp":1700612589,"path_taken":["M","$","?","?","?","E","M","M","T","R","M","E","R","M","R","BOSS"],"build_version":"2022-12-18","purchased_purges":0,"victory":false,"max_hp_per_floor":[80,80,80,80,80,80,80,80,80,80,80,80,80,80,80,80],"card_choices":[{"not_picked":["Headbutt","Perfected Strike"],"picked":"Entrench","floor":1},{"not_picked":["Ghostly Armor","Flex"],"picked":"Spot Weakness","floor":4},{"not_picked":["Iron Wave","Evolve"],"picked":"Exhume","floor":6},{"not_picked":["Twin Strike","Armaments"],"picked":"True Grit","floor":7},{"not_picked":["Infernal Blade","Rupture"],"picked":"Inflame","floor":8},{"not_picked":["Ghostly Armor","Havoc","Iron Wave"],"picked":"SKIP","floor":11},{"not_picked":["Wild Strike","Clash"],"picked":"Evolve","floor":12},{"not_picked":["Warcry","Clothesline"],"picked":"Heavy Blade","floor":14}],"player_experience":340321,"relics_obtained":[{"floor":5,"key":"Bag of Marbles"},{"floor":6,"key":"War Paint"},{"floor":9,"key":"Bronze Scales"},{"floor":12,"key":"Kunai"}],"event_choices":[{"cards_removed":["Fire Breathing"],"damage_healed":2,"gold_gain":0,"player_choice":"Offered Uncommon","damage_taken":0,"max_hp_gain":0,"max_hp_loss":0,"event_name":"Bonfire Elementals","floor":3,"gold_loss":0}],"is_beta":false,"boss_relics":[],"items_purged_floors":[],"is_endless":false,"potions_floor_spawned":[4,8,12],"killed_by":"Slime Boss","ascension_level":10}